@TechReport{Sand98-0730,
  author=       {Tamara K. Locke},
  title=        {Guide to Preparing {SAND} Reports},
  institution=  {Sandia National Laboratories},
  year=         {1998},
  month=	may,
  type=         {Technical report},
  number=       {SAND98-0730},
  address=	{Albuquerque, New Mexico 87185 and Livermore, California 94550},
}

@misc{ParameterEntry,
title=		"{Teuchos::ParameterEntry Class Reference}",
howpublished = "\url{http://trilinos.sandia.gov/packages/docs/10.4/packages/teuchos/doc/html/classTeuchos_1_1ParameterEntry.html}",
type=		"{Website}",
institution="{Sandia}"
}

@misc{ParameterList,
title=		"{Teuchos::ParamterList Class Reference}",
howpublished = "\url{http://trilinos.sandia.gov/packages/docs/10.4/packages/teuchos/doc/html/classTeuchos_1_1ParameterList.html}",
type=		"{Website}",
institution="{Sandia}"
}

@misc{TreeModel,
title=		"{Optika::TreeModel Class Reference}",
howpublished = "\url{http://trilinos.sandia.gov/packages/docs/10.4/packages/optika/doc/html/classOptika_1_1TreeModel.html}",
type=		"{Website}",
institution="{Sandia}"
}

@misc{TreeItem,
title=		"{Optika::TreeItem Class Reference}",
howpublished = "\url{http://trilinos.sandia.gov/packages/docs/10.4/packages/optika/doc/html/classOptika_1_1TreeItem.html}",
type=		"{Website}",
institution="{Sandia}"
}

@misc{TreeView,
title=		"{Optika::TreeView Class Reference}",
howpublished = "\url{http://trilinos.sandia.gov/packages/docs/10.4/packages/optika/doc/html/classOptika_1_1TreeView.html}",
type=		"{Website}",
institution="{Sandia}"
}

@misc{Delegate,
title=		"{Optika::Delegate Class Reference}",
howpublished = "\url{http://trilinos.sandia.gov/packages/docs/10.4/packages/optika/doc/html/classOptika_1_1Delegate.html}",
type=		"{Website}",
institution="{Sandia}"
}


@misc{QtWebsite,
title=		"{Online Reference Documentation}",
howpublished = "\url{http://doc.trolltech.com}",
type=		"{Website}",
institution = "{Trolltech}"
}

@misc{QtModelView,
title=		"{Model/View Programming}",
howpublished = "\url{http://doc.trolltech.com/4.6/model-view-programming.html}",
type=		"{Website}",
institution = "{Trolltech}"
}

@misc{QTreeView,
title=		"{QTreeView Class Reference}",
howpublished = "\url{http://doc.trolltech.com/4.6/qtreeview.html}",
type=		"{Website}",
institution = "{Trolltech}"
}

@misc{QAbstractItemModel,
title=		"{QAbstractItemModel Class Reference}",
howpublished = "\url{http://doc.trolltech.com/4.6/qabstractitemmodel.html}",
type=		"{Website}",
institution = "{Trolltech}"
}

@misc{QItemDelegate,
title=		"{QAbstractItemModel Class Reference}",
howpublished = "\url{http://doc.trolltech.com/4.6/qitemdelegate.html}",
type=		"{Website}",
institution = "{Trolltech}"
}

@misc{OptikaGUI,
title=	"{Opitka::OptikaGUI Class Reference}",
howpublished = "\url{http://trilinos.sandia.gov/packages/docs/10.4/packages/optika/doc/html/classOptika_1_1OptikaGUI.html}",
type=	"{Webiste}",
institution = "{Sandia}"
}

@misc{EnhancedNumberValidator,
title=	"{Opitka::EnhnacedNumberValidator<S> Class Template Reference}",
howpublished = "\url{http://trilinos.sandia.gov/packages/docs/10.4/packages/optika/doc/html/classOptika_1_1EnhancedNumberValidator.html}",
type=	"{Webiste}",
institution = "{Sandia}"
}

@misc{StringValidator,
title=	"{Opitka::StringValidator Class Template Reference}",
howpublished = "\url{http://trilinos.sandia.gov/packages/docs/10.4/packages/optika/doc/html/classOptika_1_1StringValidator.html}",
type=	"{Webiste}",
institution = "{Sandia}"
}

@misc{ArrayValidator,
title=	"{Opitka::ArrayValidator Class Reference}",
howpublished = "\url{http://trilinos.sandia.gov/packages/docs/10.4/packages/optika/doc/html/classOptika_1_1ArrayValidator.html}",
type=	"{Webiste}",
institution = "{Sandia}"
}

@misc{FileNameValidator,
title=	"{Opitka::FileName Validator Class Reference}",
howpublished = "\url{http://trilinos.sandia.gov/packages/docs/10.4/packages/optika/doc/html/classOptika_1_1FileNameValidator.html}",
type=	"{Webiste}",
institution = "{Sandia}"
}

@misc{DependencySheet,
title=	"{Opitka::DependencySheet Class Reference}",
howpublished = "\url{http://trilinos.sandia.gov/packages/docs/10.4/packages/optika/doc/html/classOptika_1_1DependencySheet.html}",
type=	"{Webiste}",
institution = "{Sandia}"
}

@misc{Dependency,
title=	"{Opitka::Dependency Class Reference}",
howpublished = "\url{http://trilinos.sandia.gov/packages/docs/10.4/packages/optika/doc/html/classOptika_1_1Dependency.html}",
type=	"{Webiste}",
institution = "{Sandia}"
}

@misc{NumberArrayLengthDependency,
title=	"{Opitka::NumberArrayLengthDependency Class Reference}",
howpublished = "\url{http://trilinos.sandia.gov/packages/docs/10.4/packages/optika/doc/html/classOptika_1_1NumberArrayLengthDependency.html}",
type=	"{Webiste}",
institution = "{Sandia}"
}

@misc{NumberValidatorAspectDependency,
title=	"{Opitka::NumberValidatorAspectDependency<S> Template Class Reference}",
howpublished = "\url{http://trilinos.sandia.gov/packages/docs/10.4/packages/optika/doc/html/classOptika_1_1NumberValidatorAspectDependency.html}",
type=	"{Webiste}",
institution = "{Sandia}"
}

@misc{ValidatorDependency,
title=	"{Opitka::ValidatorDependency Class Reference}",
howpublished = "\url{http://trilinos.sandia.gov/packages/docs/10.4/packages/optika/doc/html/classOptika_1_1ValidatorDependency.html}",
type=	"{Webiste}",
institution = "{Sandia}"
}

@misc{BoolValidatorDependency,
title=	"{Opitka::BoolValidatorDependency Class Reference}",
howpublished = "\url{http://trilinos.sandia.gov/packages/docs/10.4/packages/optika/doc/html/classOptika_1_1BoolValidatorDependency.html}",
type=	"{Webiste}",
institution = "{Sandia}"
}

@misc{RangeValidatorDependency,
title=	"{Opitka::RangeValidatorDependency<S> Template Class Reference}",
howpublished = "\url{http://trilinos.sandia.gov/packages/docs/10.4/packages/optika/doc/html/classOptika_1_1RangeValidatorDependency.html}",
type=	"{Webiste}",
institution = "{Sandia}"
}

@misc{StringValidatorDependency,
title=	"{Opitka::StringValidatorDependency Class Reference}",
howpublished = "\url{http://trilinos.sandia.gov/packages/docs/10.4/packages/optika/doc/html/classOptika_1_1StringValidatorDependency.html}",
type=	"{Webiste}",
institution = "{Sandia}"
}

@misc{VisualDependency,
title=	"{Opitka::VisualDependency Class Reference}",
howpublished = "\url{http://trilinos.sandia.gov/packages/docs/10.4/packages/optika/doc/html/classOptika_1_1VisualDependency.html}",
type=	"{Webiste}",
institution = "{Sandia}"
}

@misc{BoolVisualDependency,
title=	"{Opitka::BoolVisualDependency Class Reference}",
howpublished = "\url{http://trilinos.sandia.gov/packages/docs/10.4/packages/optika/doc/html/classOptika_1_1BoolVisualDependency.html}",
type=	"{Webiste}",
institution = "{Sandia}"
}

@misc{NumberVisualDependency,
title=	"{Opitka::NumberVisualDependency<S> Template Class Reference}",
howpublished = "\url{http://trilinos.sandia.gov/packages/docs/10.4/packages/optika/doc/html/classOptika_1_1NumberVisualDependency.html}",
type=	"{Webiste}",
institution = "{Sandia}"
}

@misc{StringVisualDependency,
title=	"{Opitka::StringVisualDependency Class Reference}",
howpublished = "\url{http://trilinos.sandia.gov/packages/docs/10.4/packages/optika/doc/html/classOptika_1_1StringVisualDependency.html}",
type=	"{Webiste}",
institution = "{Sandia}"
}

@misc{ConditionVisualDependency,
title=	"{Opitka::ConditionVisualDependency Class Reference}",
howpublished = "\url{http://trilinos.sandia.gov/packages/docs/10.4/packages/optika/doc/html/classOptika_1_1ConditionVisualDependency.html}",
type=	"{Webiste}",
institution = "{Sandia}"
}

@misc{ParameterCondition,
title=	"{Opitka::ParameterCondition Class Reference}",
howpublished = "\url{http://trilinos.sandia.gov/packages/docs/10.4/packages/optika/doc/html/classOptika_1_1ParameterCondition.html}",
type=	"{Webiste}",
institution = "{Sandia}"
}

@misc{BoolCondition,
title=	"{Opitka::BoolCondition Class Reference}",
howpublished = "\url{http://trilinos.sandia.gov/packages/docs/10.4/packages/optika/doc/html/classOptika_1_1BoolCondition.html}",
type=	"{Webiste}",
institution = "{Sandia}"
}

@misc{NumberCondition,
title=	"{Opitka::NumberCondition<T> Template Class Reference}",
howpublished = "\url{http://trilinos.sandia.gov/packages/docs/10.4/packages/optika/doc/html/classOptika_1_1NumberCondition.html}",
type=	"{Webiste}",
institution = "{Sandia}"
}

@misc{StringCondition,
title=	"{Opitka::StringCondition Class Reference}",
howpublished = "\url{http://trilinos.sandia.gov/packages/docs/10.4/packages/optika/doc/html/classOptika_1_1StringCondition.html}",
type=	"{Webiste}",
institution = "{Sandia}"
}

@misc{BinaryLogicalCondition,
title=	"{Opitka::BinaryLogicalCondition Class Reference}",
howpublished = "\url{http://trilinos.sandia.gov/packages/docs/10.4/packages/optika/doc/html/classOptika_1_1BinaryLogicalCondition.html}",
type=	"{Webiste}",
institution = "{Sandia}"
}

@misc{AndCondition,
title=	"{Opitka::AndCondition Class Reference}",
howpublished = "\url{http://trilinos.sandia.gov/packages/docs/10.4/packages/optika/doc/html/classOptika_1_1AndCondition.html}",
type=	"{Webiste}",
institution = "{Sandia}"
}

@misc{OrCondition,
title=	"{Opitka::OrCondition Class Reference}",
howpublished = "\url{http://trilinos.sandia.gov/packages/docs/10.4/packages/optika/doc/html/classOptika_1_1OrCondition.html}",
type=	"{Webiste}",
institution = "{Sandia}"
}

@misc{EqualsCondition,
title=	"{Opitka::EqualsCondition Class Reference}",
howpublished = "\url{http://trilinos.sandia.gov/packages/docs/10.4/packages/optika/doc/html/classOptika_1_1EqualsCondition.html}",
type=	"{Webiste}",
institution = "{Sandia}"
}

@misc{NotCondition,
title=	"{Opitka::NotCondition Class Reference}",
howpublished = "\url{http://trilinos.sandia.gov/packages/docs/10.4/packages/optika/doc/html/classOptika_1_1NotCondition.html}",
type=	"{Webiste}",
institution = "{Sandia}"
}
