@string{SIREV="SIAM Rev."}
@string{SISC="SIAM J. Sci. Comput."}
@string{NLAA="Numer. Linear Algebra Appl."}
@string{COMPUTING="Computing"}
@string{COMPVIS="Comput. Vis. Sci."}
@string{TOMS="ACM Transactions on Mathematical Software"}

@article{TrilinosOverview,
 author = {Michael A. Heroux and Roscoe A. Bartlett and Vicki E. Howle and Robert J. Hoekstra and Jonathan J. Hu
 and Tamara G. Kolda and Richard B. Lehoucq and Kevin R. Long and Roger P. Pawlowski and Eric T. Phipps and Andrew
 G. Salinger and Heidi K. Thornquist and Ray S. Tuminaro and James M. Willenbring and Alan Williams and Kendall S.
 Stanley},
 title = {An overview of the {T}rilinos project},
 journal = TOMS,
 volume = {31},
 number = {3},
 year = {2005},
 issn = {0098-3500},
 pages = {397--423},
 note = {\url{http://dx.doi.org/10.1145/1089014.1089021}},
 publisher = {ACM Press},
 address = {New York, NY, USA},
}

@misc{Cl2010,
  author = {Marshall Cline},
  title = {C++ {FAQ} -- Frequently Asked Questions},
  howpublished= {\url{http://www.parashift.com/c++-faq-lite}},
  year = {2010},
}

@techreport{Ba2007,
  author = {Roscoe Bartlett},
  title = {{T}euchos::{RCP} Beginner's Guide (An Introduction to the {T}rilinos Smart Reference-Counted Pointer Class for
(Almost) Automatic Dynamic Memory Management in {C}++)},
  number = {2004-3268},
  institution = {Sandia National Laboratories},
  year = {2007},
  note = {\url{http://trilinos.sandia.gov/RefCountPtrBeginnersGuideSAND.pdf}},
}

@techreport{Ba2010,
  author = {Roscoe Bartlett},
  title = {Teuchos {C}++ Memory Management Classes, Idioms, and Related Topics: The Complete Reference},
  month = {June},
  year = {2010},
  number = {2010-2234},
  institution= {Sandia National Laboratories},
  note = {\url{http://www.cs.sandia.gov/~rabartl/TeuchosMemoryManagementSAND.pdf}},
}

@book{gamma1995design,
title={Design patterns: elements of reusable object-oriented software},
author={Gamma, E. and Helm, R. and Johnson, R. and Vlissides, J.},
volume={206},
year={1995},
publisher={Addison-Wesley Reading, MA}
}
